@misc{anaconda,
  title        = {{Anaconda}},
  author       = {Anaconda, Inc.},
  howpublished = {\\ \url{https://www.anaconda.com/}},
}

@book{biggs,
  title        = {{Discrete Mathematics}},
  author       = {Biggs, Norman L.},
  year         = 1989,
  publisher    = {{Oxford Science Publ.}},
  added-at     = {2011-07-22T14:27:54.000+0200},
  biburl       = {https://www.bibsonomy.org/bibtex/2e55860899892ce7953bd572cc816fb10/algebradresden},
  edition      = {revised Edition},
  groups       = {public},
  interhash    = {4bfe1e1353f4c7c1afb0da9b15a0d3de},
  intrahash    = {43d3180e722439b6a86ef66d0b91c174},
  keywords     = {ganter handbib slub diskrete-strukturen regal05},
  timestamp    = {2013-04-26T12:52:55.000+0200},
  username     = {algebradresden},
}

@book{biggs_1974,
  title        = {{Algebraic Graph Theory}},
  author       = {Biggs, Norman},
  year         = 1974,
  publisher    = {{Cambridge University Press}},
  series       = {Cambridge Mathematical Library},
  doi          = {10.1017/CBO9780511608704},
  place        = {Cambridge},
  edition      = 2,
  collection   = {Cambridge Mathematical Library},
}

@misc{boston,
  title        = {{Boston House Prices Dataset}},
  author       = {Boston Standard Metropolitan Statistical Area},
  howpublished = {\\ \url{https://www.kaggle.com/c/boston-housing}},
}

@inproceedings{cook71,
  title        = {{The Complexity of Theorem-proving Procedures}},
  author       = {Cook, Stephen A.},
  year         = 1971,
  booktitle    = {Proceedings of the Third Annual ACM Symposium on Theory of Computing},
  location     = {Shaker Heights, Ohio, USA},
  publisher    = {{ACM}},
  address      = {New York, NY, USA},
  series       = {STOC '71},
  pages        = {151--158},
  doi          = {10.1145/800157.805047},
  url          = {http://doi.acm.org/10.1145/800157.805047},
  numpages     = 8,
  acmid        = 805047,
}

@misc{flask,
  title        = {{Flask}},
  author       = {Pallets},
  howpublished = {\\ \url{https://flask.palletsprojects.com/en/1.1.x/}},
}

@misc{gmitqaf,
  title        = {{Quality Assurance Framework}},
  author       = {GMIT},
  howpublished = {\\ \url{https://www.gmit.ie/general/quality-assurance-framework}},
}

@misc{iris,
  title        = {{Iris Data Set}},
  author       = {R.A. Fisher},
  howpublished = {\\ \url{https://archive.ics.uci.edu/ml/datasets/iris}},
}

@misc{jupyter,
  title        = {{Project Jupyter}},
  author       = {Project Jupyter},
  howpublished = {\\ \url{https://jupyter.org/}},
}

@misc{keras,
  title        = {{Keras: The Python Deep Learning library}},
  author       = {Keras Team},
  howpublished = {\\ \url{https://keras.io/}},
}

@misc{liverdataset,
  title        = {{Liver Disorders Data Set}},
  author       = {UC Irvine Machine Learning Repository},
  howpublished = {\\ \url{https://archive.ics.uci.edu/ml/datasets/liver+disorders}},
}

@misc{markdown,
  title        = {{Mastering Markdown}},
  author       = {GitHub Guides},
  howpublished = {\\ \url{https://guides.github.com/features/mastering-markdown/}},
}

@misc{mnist,
  title        = {{The MNIST database of handwritten digits}},
  author       = {Yann LeCun, Corinna Cortes, Christopher J.C. Burges},
  howpublished = {\\ \url{http://yann.lecun.com/exdb/mnist/}},
}

@misc{oeisA000384,
  title        = {{The On-Line Encyclopedia of Integer Sequences}},
  author       = {OEIS Foundation Inc (2020)},
  howpublished = {\\ \url{https://oeis.org/A000384}},
}

@misc{openlogictext,
  title        = {{Open Logic Project Builds}},
  author       = {Open Logic Project},
  year         = 2022,
  url          = {https://builds.openlogicproject.org/},
  urldate      = {2023-01-23},
  date         = {2022-12-21},
  file         = {:./references/.html:html},
}

@misc{pandas,
  title        = {{Python Data Analysis Library}},
  author       = {Wes McKinney},
  howpublished = {\\ \url{https://pandas.pydata.org/}},
}

@misc{pythontutorial,
  title        = {{The Python Tutorial â€” Python 3.11.1 documentation}},
  year         = 2023,
  url          = {https://docs.python.org/3/tutorial/},
  urldate      = {2023-01-22},
  date         = {2023-01-22},
  file         = {:./references/3-tutorial-.html:html},
}

@misc{pythonwebsite,
  title        = {{Welcome to Python.org}},
  author       = {Python Software Foundation},
  howpublished = {\\ \url{https://www.python.org/}},
}

@misc{scipy,
  title        = {{The scipy Python package}},
  author       = {SciPy developers},
  howpublished = {\\ \url{https://www.scipy.org/}},
}

@misc{seaborn,
  title        = {{seaborn}},
  author       = {Michael Waskom},
  howpublished = {\\ \url{https://seaborn.pydata.org/}},
}

@book{sipser,
  title        = {{Introduction to the Theory of Computation}},
  author       = {Sipser, Michael},
  year         = 2013,
  publisher    = {{Course Technology}},
  address      = {Boston, MA},
  isbn         = {113318779X},
  added-at     = {2014-03-03T20:31:26.000+0100},
  biburl       = {https://www.bibsonomy.org/bibtex/2a275d239d3a005a2a0825e49ce8dced5/ytyoun},
  edition      = {Third},
  interhash    = {ba5fd05e9f15a677c2c9e619c57de9a7},
  intrahash    = {a275d239d3a005a2a0825e49ce8dced5},
  keywords     = {automata complexity computation hamiltonian np-hardness sipser textbook},
  refid        = 814441519,
  timestamp    = {2016-12-04T08:23:19.000+0100},
}

@misc{tips,
  title        = {{Tips data set}},
  author       = {Michael Waskom},
  howpublished = {\\ \url{https://github.com/mwaskom/seaborn-data/blob/master/tips.csv}},
}
