@inproceedings{cook71,
  author = {Cook, Stephen A.},
  title = {The Complexity of Theorem-proving Procedures},
  booktitle = {Proceedings of the Third Annual ACM Symposium on Theory of Computing},
  series = {STOC '71},
  year = {1971},
  location = {Shaker Heights, Ohio, USA},
  pages = {151--158},
  numpages = {8},
  url = {http://doi.acm.org/10.1145/800157.805047},
  doi = {10.1145/800157.805047},
  acmid = {805047},
  publisher = {ACM},
  address = {New York, NY, USA},
} 


@misc{complexityZooDTIME,
  title = {Complexity Zoo:D - Complexity Zoo},
  date = {2022-12-31},
  year = {2022},
  file = {:./references/Complexity_Zoo:D.html:html},
  url = {https://complexityzoo.net/Complexity_Zoo:D#dtime},
  urldate = {2023-03-09}
}